@book{Hall,
  author = {Brian C. Hall},
  publisher = {Springer Graduate Texts in Mathematics},
  title = {Lie Groups, Lie Algebras, and Representations: An Elementary Introduction},
  year = {2015}
}

@book{Tu,
  author = {Loring C. Tu},
  publisher = {Springer Universitexts},
  title = {An Introduction to Manifolds},
  year = {2011}
}

@misc{Heuber,
    title = {Show that the symplectic group $\mathrm{Sp}(2n,\mathbb{C})$ is a closed sub group of $\mathrm{Gl}(2n,\mathbb{C})$},
    author = {B.Hueber},
    NOTE = {https://bit.ly/3Jj2O7n (2020-11-08)},
}

@misc{freakish,
    title = {Showing {SO(n)} is a compact
topological group for every $n$},
    author = {Freakish},
    note = {https://bit.ly/4cTQ6cV (2023-05-18)},
}`'

@misc{Wang,
    title = {Lecture 11: Cartan’s Closed
Subgroup Theorem},
    author = {Zuoqin Wang},
    note = {https://bit.ly/3PX0AhF},
}

@book{Munkres,
  author = {James R. Munkres},
  publisher = {Advanced Book Classics},
  title = {Analysis on Manifolds},
  year = {1991}
}

@inproceedings{Neretin,
  title={A construction of finite-dimensional faithful representation of {L}ie algebra},
  author={Yurii A. Neretin},
  booktitle={Proceedings of the 22nd Winter School Geometry and Physics},
  pages={159--161},
  year={2003},
  organization={Circolo Matematico di Palermo}
}

@book{Knapp,
	title = {Lie Groups Beyond an Introduction},
	author = {A.W. Knapp},
  publisher = {Birkhäuser},
  year = {1996},
  shorthand = {Knapp}
}

@misc{LieThree,
  TITLE = {Lie’s three theorems},
  AUTHOR = {nLab},
  NOTE = {https://bit.ly/3Uv5HqT}
}

@book{Serre,
  title = {Lie Algebras and Lie Groups},
  publisher = {W. A. Benjamin, Inc.},
  author = {J.P Serre},
  year = {1992}
}

@article{Blanes,
  title={On the convergence and optimization of the {Baker--Campbell--Hausdorff} formula},
  author={Blanes, Sergio and Casas, Fernando},
  journal={Linear Algebra and its Applications},
  volume={378},
  pages={135--158},
  year={2004},
  publisher={Elsevier}
}