@book{Hall,
  author = {Brian C. Hall},
  year = {2015},
  title = {Lie Groups, Lie Algebras,
    and Representations: An Elementary
    Introduction},
  publisher = {Springer Graduate Texts in Mathematics}
}

@book{Tu,
  author = {Loring C. Tu},
  year = {2011},
  title = {An Introduction to Manifolds},
  publisher = {Springer Universitext}
}